@inproceedings{ref1,
  title={Quantized CIELab* space and encoded spatial structure for scalable indexing of large color image archives},
  author={Albuz, Elif and Kocalar, Erturk D and Khokhar, Ashfaq A},
  booktitle={Acoustics, Speech, and Signal Processing, 2000. ICASSP'00. Proceedings. 2000 IEEE International Conference on},
  volume={4},
  pages={1995--1998},
  year={2000},
  organization={IEEE}
}


%[1]	BROWN, S. The Philippines is the most storm-exposed country on earth, November 2013. [Online; posted 11-November-2013]

@misc{BR2013,
 author = {Brown, Sophie},
 title = {The Philippines is the most storm-exposed country on earth, November 2013},
 editor = {TIME},
 month = {November},
 year = {2013},
 url = {http://world.time.com/2013/11/11/the-philippines-is-the-most-storm-exposed-country-on-earth/},
 note = {[Online; posted 11-November-2013]}
}

@misc{WH2014,
 author = {Whiteman, Hilary},
 title = {Philippines gets more than its share of disasters},
 editor = {CNN},
 month = {December},
 year = {2014},
 url = {http://edition.cnn.com/2013/11/08/world/asia/philippines-typhoon-destruction/index.html},
 note = {[Online; posted 5-December-2014]}
}


@article{LEILIUZHANGWANYUEGUO2015,
 author = {Lei Y.{,} Liu C.{,} Zhang L.{,} Wan J.{,} Li D.{,} Yue Q.{,} and Guo Y.},
 title = {Adaptive governance to typhoon disasters for coastal sustainability: A case study in Guangdong, China. Environmental Science and Policy},
 journal = {Environmental Science & Policy},
 issue_date = {2015},
 volume = {54},
 issn = {1462-9011},
 pages = {281-286},
 year = {2015}
}


@article{SCOLOBIGPRIORSCHRTERJRINPATT2015,
 author = {Scolobig A.{,} Prior T.{,} Schrter D.{,} Jrin J.{,} and Patt A.},
 title = {Towards people-centered approaches for effective disaster risk management: Balancing rhetoric with reality},
 journal = {International Journal of Disaster Risk Reduction},
 issue_date = {2015},
 volume = {12},
 pages = {202 - 212},
 year = {2015}
}

@article{GOOLSBY2010,
 author = {Goolsby, Rebecca},
 title = {Social media as crisis platform: The future of community maps/crisis maps},
 journal = {ACM Transactions on Intelligent Systems and Technology},
 issue_date = {2010},
 volume = {1},
 pages = {1 - 15},
 year = {2010}
}

@article{VICTORINOESTUARLAGMAY2016,
 author = {Victorino J.{,} Estuar M. R. J.{,} and Lagmay A. M. F.},
 title = {Validating the voice of the crowd during disasters},
 journal = {Social, Cultural, and Behavioral Modeling Lecture Notes in Computer Science},
 issue_date = {2016},
 volume = {9},
 publisher = {Springer},
 pages = {301 - 310},
 year = {2016}
}

@article{VIEWEGSTARBIRDPALEN2010,
 author = {Vieweg S.{,} Hughes A. L.{,} Starbird K.{,} and Palen L.},
 title = {Microblogging during two natural hazards events},
 journal = {Proceedings of the 28th international conference on Human factors in computing systems - CHI 10},
 issue_date = {2010},
 year = {2010}
}

@article{MCDOUGALL2011,
 author = {McDougall, Kevin},
 title = {Using volunteered information to map the Queensland floods},
 journal = {Proceedings of the Surveying and Spatial Sciences Biennial Conference 2011},
 issue_date = {2011},
 pages = {21 - 25},
 year = {2011},
 address = {Wellington, New Zealand}
}

@article{CHENGCAVARLEELEE2010,
 author = {Cheng Z.{,} Cavarlee J.{,} and Lee K.},
 title = {You are where you tweet: A content-based approach to geo-locating twitter users},
 journal = {Proceedings of the 19th ACM International Conference on Information and Knowledge Management},
 issue_date = {2010},
 pages = {759 - 768},
 year = {2010},
 address = {New York, NY, USA}
}

@article{MAHMUDNICHOLSDREWS2014,
 author = {Mahmud J.{,} Nichols J.{,} and Drews K.},
 title = {Home location identification of twitter users},
 journal = {ACM Trans. Intell. Syst. Technol.},
 issue_date = {2014},
 volume = {5},
 pages = {47:1 - 47:21},
 year = {2014}
}

@article{LAYLAVIRAJABIFARDKALANTARI2016,
 author = {Laylavi F.{,} Rajabifard A.{,} and Kalantari A.},
 title = {A Multi-Element Approach to Location Inference of Twitter: A Case for Emergency Response},
 journal = {International Journal of Geo-Information 2016},
 issue_date = {2016},
 volume = {30},
 pages = {1 - 6},
 year = {2016}
}

@PHDTHESIS{ROSALES2017,
 title = "Approximations to Geolocation of Disaster Related Tweets",
 author = "Rosales, J. C., and Estuar, M. R.",
 year = "2017",
 type = "Masteral Thesis",
 school = "Ateneo de Manila University",
 address = "Quezon City, Katipunan"
}

@PHDTHESIS{VELASCOBERMEJODOMINGO2018,
 title = {The Search for Tweets: Implementing a Geolocation Approximation Feature for Disaster Systems},
 author = {Velasco D.{,} Bermejo I. T.{,} and Domingo, J. N.},
 year = {2018},
 type = {Bachelor's Thesis},
 school = {Ateneo de Manila University},
 address = {Quezon City, Katipunan}
}

@article{ASHKTORABBROWNNANDICULOTTA2014,
 author = {Ashktorab Z.{,} Brown C.{,} Nandi M. and Culotta A.},
 title = {Tweedr: Mining twitter to inform disaster response},
 journal = {ISCRAM 2014 Conference Proceedings},
 issue_date = {2014},
 year = {2014}
}

@article{HSMM2015,
 author = {Hochrainer-Stigler S.{,} Mechler R.{,} and Mochizuki J.},
 title = {A risk management tool for tackling country-wide contingent disasters: A case study on Madagascar},
 journal = {Environmental Modelling And Software},
 issue_date = {20*15},
 volume = {72},
 pages = {44 - 55},
 year = {2015}
}

@article{GFC2012,
 author = {Gonzalez, R. {,} Figueroa, G. {,} and Chen, Y. },
 title = {TweoLocator: a non-intrusive geographical locator system for Twitter},
 journal = {Proceedings of the 5th ACM SIGSPATIAL International Workshop on Location-Based Social Networks},
 issue_date = {2012},
 pages = {24 - 31},
 year = {2012}
}

@article{OBCS2013,
 author = {Oussalah, M. {,} Bhat, F. {,} Challis, K. {,} and Schnier, T.},
 title = {A software architecture for Twitter collection, search and geolocation services},
 journal = {Knowledge-Based Systems},
 issue_date = {2013},
 volume = {37},
 pages = {105 - 120},
 year = {2013}
}

@article{L12011,
 author = {Hecht, B. {,} Hong, L. {,} Suh, B. {,} and Chi, E.},
 title = {Tweets from Justin Bieber's heart: the dynamics of the location field in user profiles},
 journal = {Proceedings of the SIGCHI Conference on Human Factors in Computing Systems},
 issue_date = {2011},
 pages = {237 - 246},
 year = {2011}
}

@article{L22014,
 author = {Graham, M. {,} Hale, S. {,} and Gaffney, D.},
 title = {Where in the World Are You? Geolocation and Language Identification in Twitter},
 journal = {The Professional Geographer},
 issue_date = {2014},
 volume = {66},
 pages = {568 - 578},
 year = {2014}
}


@article{carmen,
 author = {Dredze, M {,} Paul, M. {,} Bergsma, S. {,} and Tran, H. },
 title = {Carmen: A Twitter Geolocation System with Applications to Public Health},
 journal = {Workshops at the Twenty-Seventh AAAI Conference on Artificial Intelligence},
 issue_date = {2013},
 pages = {20 - 24},
 year = {2013}
}

@article{TTC2015,
 author = {Takahashi, B. {,} Tandoc, E. {,} and Carmichael, C. },
 title = {Communicating on Twitter during a disaster: An analysis of tweets during Typhoon Haiyan in the Philippines},
 journal = {Computers in Human Behavior},
 issue_date = {2015},
 volume = {50},
 pages = {392 - 398},
 year = {2015}
}

@misc{tweepy,
 author = {Python Tweepy Library},
 title = {http://www.tweepy.org/}
}

@article{cat2016,
 author = {Stowe, K. {,} Paul, M. {,} Palmer, M. {,} Palen, K. {,} and Anderson, K.},
 title = {Identifying and Categorizing Disaster-Related Tweets},
 journal = {Proceedings of The Fourth International Workshop
on Natural Language Processing for Social Media},
 isseu_date = {2016},
 pages = {1 - 6},
 year = {2016}
 
 
}